@article{summala1996maintaining,
  title={Maintaining lane position with peripheral vision during in-vehicle tasks},
  author={Summala, Heikki and Nieminen, Tapio and Punto, Maaret},
  journal={Human Factors: The Journal of the Human Factors and Ergonomics Society},
  volume={38},
  number={3},
  pages={442--451},
  year={1996},
  publisher={SAGE Publications}
}
